[gd_scene load_steps=82 format=2]

[ext_resource path="res://models/Character/CharacterModel.tscn" type="PackedScene" id=1]
[ext_resource path="res://assets/Characters/Cucumber/1-Idle/1.png" type="Texture" id=2]
[ext_resource path="res://assets/Characters/Cucumber/1-Idle/2.png" type="Texture" id=3]
[ext_resource path="res://assets/Characters/Cucumber/1-Idle/3.png" type="Texture" id=4]
[ext_resource path="res://assets/Characters/Cucumber/1-Idle/4.png" type="Texture" id=5]
[ext_resource path="res://assets/Characters/Cucumber/1-Idle/5.png" type="Texture" id=6]
[ext_resource path="res://assets/Characters/Cucumber/1-Idle/6.png" type="Texture" id=7]
[ext_resource path="res://assets/Characters/Cucumber/1-Idle/7.png" type="Texture" id=8]
[ext_resource path="res://assets/Characters/Cucumber/1-Idle/8.png" type="Texture" id=9]
[ext_resource path="res://assets/Characters/Cucumber/1-Idle/9.png" type="Texture" id=10]
[ext_resource path="res://assets/Characters/Cucumber/1-Idle/10.png" type="Texture" id=11]
[ext_resource path="res://assets/Characters/Cucumber/1-Idle/11.png" type="Texture" id=12]
[ext_resource path="res://assets/Characters/Cucumber/1-Idle/12.png" type="Texture" id=13]
[ext_resource path="res://assets/Characters/Cucumber/1-Idle/13.png" type="Texture" id=14]
[ext_resource path="res://assets/Characters/Cucumber/1-Idle/14.png" type="Texture" id=15]
[ext_resource path="res://assets/Characters/Cucumber/1-Idle/15.png" type="Texture" id=16]
[ext_resource path="res://assets/Characters/Cucumber/1-Idle/16.png" type="Texture" id=17]
[ext_resource path="res://assets/Characters/Cucumber/1-Idle/17.png" type="Texture" id=18]
[ext_resource path="res://assets/Characters/Cucumber/1-Idle/18.png" type="Texture" id=19]
[ext_resource path="res://assets/Characters/Cucumber/1-Idle/19.png" type="Texture" id=20]
[ext_resource path="res://assets/Characters/Cucumber/1-Idle/20.png" type="Texture" id=21]
[ext_resource path="res://assets/Characters/Cucumber/1-Idle/21.png" type="Texture" id=22]
[ext_resource path="res://assets/Characters/Cucumber/1-Idle/22.png" type="Texture" id=23]
[ext_resource path="res://assets/Characters/Cucumber/1-Idle/23.png" type="Texture" id=24]
[ext_resource path="res://assets/Characters/Cucumber/1-Idle/24.png" type="Texture" id=25]
[ext_resource path="res://assets/Characters/Cucumber/1-Idle/25.png" type="Texture" id=26]
[ext_resource path="res://assets/Characters/Cucumber/1-Idle/26.png" type="Texture" id=27]
[ext_resource path="res://assets/Characters/Cucumber/1-Idle/27.png" type="Texture" id=28]
[ext_resource path="res://assets/Characters/Cucumber/1-Idle/28.png" type="Texture" id=29]
[ext_resource path="res://assets/Characters/Cucumber/1-Idle/29.png" type="Texture" id=30]
[ext_resource path="res://assets/Characters/Cucumber/1-Idle/30.png" type="Texture" id=31]
[ext_resource path="res://assets/Characters/Cucumber/1-Idle/31.png" type="Texture" id=32]
[ext_resource path="res://assets/Characters/Cucumber/1-Idle/32.png" type="Texture" id=33]
[ext_resource path="res://assets/Characters/Cucumber/1-Idle/33.png" type="Texture" id=34]
[ext_resource path="res://assets/Characters/Cucumber/1-Idle/34.png" type="Texture" id=35]
[ext_resource path="res://assets/Characters/Cucumber/1-Idle/35.png" type="Texture" id=36]
[ext_resource path="res://assets/Characters/Cucumber/1-Idle/36.png" type="Texture" id=37]
[ext_resource path="res://assets/Characters/Cucumber/4-Jump/1.png" type="Texture" id=38]
[ext_resource path="res://assets/Characters/Cucumber/4-Jump/2.png" type="Texture" id=39]
[ext_resource path="res://assets/Characters/Cucumber/4-Jump/3.png" type="Texture" id=40]
[ext_resource path="res://assets/Characters/Cucumber/4-Jump/4.png" type="Texture" id=41]
[ext_resource path="res://assets/Characters/Cucumber/5-Fall/1.png" type="Texture" id=42]
[ext_resource path="res://assets/Characters/Cucumber/5-Fall/2.png" type="Texture" id=43]
[ext_resource path="res://assets/Characters/Cucumber/10-Dead Hit/1.png" type="Texture" id=44]
[ext_resource path="res://assets/Characters/Cucumber/10-Dead Hit/2.png" type="Texture" id=45]
[ext_resource path="res://assets/Characters/Cucumber/10-Dead Hit/3.png" type="Texture" id=46]
[ext_resource path="res://assets/Characters/Cucumber/10-Dead Hit/4.png" type="Texture" id=47]
[ext_resource path="res://assets/Characters/Cucumber/10-Dead Hit/5.png" type="Texture" id=48]
[ext_resource path="res://assets/Characters/Cucumber/10-Dead Hit/6.png" type="Texture" id=49]
[ext_resource path="res://assets/Characters/Cucumber/2-Run/1.png" type="Texture" id=50]
[ext_resource path="res://assets/Characters/Cucumber/2-Run/2.png" type="Texture" id=51]
[ext_resource path="res://assets/Characters/Cucumber/2-Run/3.png" type="Texture" id=52]
[ext_resource path="res://assets/Characters/Cucumber/2-Run/4.png" type="Texture" id=53]
[ext_resource path="res://assets/Characters/Cucumber/2-Run/5.png" type="Texture" id=54]
[ext_resource path="res://assets/Characters/Cucumber/2-Run/6.png" type="Texture" id=55]
[ext_resource path="res://assets/Characters/Cucumber/2-Run/7.png" type="Texture" id=56]
[ext_resource path="res://assets/Characters/Cucumber/2-Run/8.png" type="Texture" id=57]
[ext_resource path="res://assets/Characters/Cucumber/2-Run/9.png" type="Texture" id=58]
[ext_resource path="res://assets/Characters/Cucumber/2-Run/10.png" type="Texture" id=59]
[ext_resource path="res://assets/Characters/Cucumber/2-Run/11.png" type="Texture" id=60]
[ext_resource path="res://assets/Characters/Cucumber/2-Run/12.png" type="Texture" id=61]
[ext_resource path="res://assets/Characters/Cucumber/9-Hit/1.png" type="Texture" id=62]
[ext_resource path="res://assets/Characters/Cucumber/9-Hit/2.png" type="Texture" id=63]
[ext_resource path="res://assets/Characters/Cucumber/9-Hit/3.png" type="Texture" id=64]
[ext_resource path="res://assets/Characters/Cucumber/9-Hit/4.png" type="Texture" id=65]
[ext_resource path="res://assets/Characters/Cucumber/9-Hit/5.png" type="Texture" id=66]
[ext_resource path="res://assets/Characters/Cucumber/9-Hit/6.png" type="Texture" id=67]
[ext_resource path="res://assets/Characters/Cucumber/9-Hit/7.png" type="Texture" id=68]
[ext_resource path="res://assets/Characters/Cucumber/9-Hit/8.png" type="Texture" id=69]
[ext_resource path="res://assets/Characters/Cucumber/7-Attack/1.png" type="Texture" id=70]
[ext_resource path="res://assets/Characters/Cucumber/7-Attack/2.png" type="Texture" id=71]
[ext_resource path="res://assets/Characters/Cucumber/7-Attack/3.png" type="Texture" id=72]
[ext_resource path="res://assets/Characters/Cucumber/7-Attack/4.png" type="Texture" id=73]
[ext_resource path="res://assets/Characters/Cucumber/7-Attack/5.png" type="Texture" id=74]
[ext_resource path="res://assets/Characters/Cucumber/7-Attack/6.png" type="Texture" id=75]
[ext_resource path="res://assets/Characters/Cucumber/7-Attack/7.png" type="Texture" id=76]
[ext_resource path="res://assets/Characters/Cucumber/7-Attack/8.png" type="Texture" id=77]
[ext_resource path="res://assets/Characters/Cucumber/7-Attack/9.png" type="Texture" id=78]
[ext_resource path="res://assets/Characters/Cucumber/7-Attack/10.png" type="Texture" id=79]
[ext_resource path="res://assets/Characters/Cucumber/7-Attack/11.png" type="Texture" id=80]

[sub_resource type="SpriteFrames" id=1]
animations = [ {
"frames": [ ExtResource( 2 ), ExtResource( 3 ), ExtResource( 4 ), ExtResource( 5 ), ExtResource( 6 ), ExtResource( 7 ), ExtResource( 8 ), ExtResource( 9 ), ExtResource( 10 ), ExtResource( 11 ), ExtResource( 12 ), ExtResource( 13 ), ExtResource( 14 ), ExtResource( 15 ), ExtResource( 16 ), ExtResource( 17 ), ExtResource( 18 ), ExtResource( 19 ), ExtResource( 20 ), ExtResource( 21 ), ExtResource( 22 ), ExtResource( 23 ), ExtResource( 24 ), ExtResource( 25 ), ExtResource( 26 ), ExtResource( 27 ), ExtResource( 28 ), ExtResource( 29 ), ExtResource( 30 ), ExtResource( 31 ), ExtResource( 32 ), ExtResource( 33 ), ExtResource( 34 ), ExtResource( 35 ), ExtResource( 36 ), ExtResource( 37 ) ],
"loop": true,
"name": "idle",
"speed": 20.0
}, {
"frames": [ ExtResource( 38 ), ExtResource( 39 ), ExtResource( 40 ), ExtResource( 41 ) ],
"loop": true,
"name": "jump",
"speed": 20.0
}, {
"frames": [ ExtResource( 42 ), ExtResource( 43 ) ],
"loop": true,
"name": "fall",
"speed": 20.0
}, {
"frames": [ ExtResource( 44 ), ExtResource( 45 ), ExtResource( 46 ), ExtResource( 47 ), ExtResource( 48 ), ExtResource( 49 ) ],
"loop": false,
"name": "die",
"speed": 20.0
}, {
"frames": [ ExtResource( 50 ), ExtResource( 51 ), ExtResource( 52 ), ExtResource( 53 ), ExtResource( 54 ), ExtResource( 55 ), ExtResource( 56 ), ExtResource( 57 ), ExtResource( 58 ), ExtResource( 59 ), ExtResource( 60 ), ExtResource( 61 ) ],
"loop": true,
"name": "run",
"speed": 20.0
}, {
"frames": [ ExtResource( 62 ), ExtResource( 63 ), ExtResource( 64 ), ExtResource( 65 ), ExtResource( 66 ), ExtResource( 67 ), ExtResource( 68 ), ExtResource( 69 ) ],
"loop": false,
"name": "hit",
"speed": 20.0
}, {
"frames": [ ExtResource( 70 ), ExtResource( 71 ), ExtResource( 72 ), ExtResource( 73 ), ExtResource( 74 ), ExtResource( 75 ), ExtResource( 76 ), ExtResource( 77 ), ExtResource( 78 ), ExtResource( 79 ), ExtResource( 80 ) ],
"loop": true,
"name": "attack",
"speed": 20.0
} ]

[node name="Cucumber" instance=ExtResource( 1 )]

[node name="CollisionShape2D" parent="." index="0"]
position = Vector2( 3.55556, 0 )
scale = Vector2( 1.5, 1.5 )

[node name="AnimatedSprite" type="AnimatedSprite" parent="." index="1"]
light_mask = 2
position = Vector2( 3.1605, -3.55555 )
scale = Vector2( -1, 1 )
frames = SubResource( 1 )
animation = "idle"
frame = 29
playing = true
__meta__ = {
"_edit_lock_": true
}
