[gd_scene load_steps=3 format=2]

[ext_resource path="res://models/CollectedStar.tscn" type="PackedScene" id=1]

[sub_resource type="StyleBoxFlat" id=1]
bg_color = Color( 0.14902, 0.14902, 0.14902, 1 )
corner_radius_top_left = 16
corner_radius_top_right = 16
corner_radius_bottom_right = 16
corner_radius_bottom_left = 16

[node name="CollectedStars" type="Node2D"]
z_index = -4

[node name="Stars" type="Node2D" parent="."]

[node name="CollectedStar5" parent="." instance=ExtResource( 1 )]
position = Vector2( 6.10352e-05, 10 )
StarIndex = 7

[node name="CollectedStar4" parent="." instance=ExtResource( 1 )]
position = Vector2( 6.10352e-05, 30 )
StarIndex = 6

[node name="CollectedStar3" parent="." instance=ExtResource( 1 )]
position = Vector2( 6.10352e-05, 50 )
scale = Vector2( 0.1, 0.1 )
StarIndex = 5

[node name="CollectedStar2" parent="." instance=ExtResource( 1 )]
position = Vector2( 6.10352e-05, 70 )
StarIndex = 4

[node name="CollectedStar" parent="." instance=ExtResource( 1 )]
position = Vector2( 6.10352e-05, 90 )
StarIndex = 3

[node name="CollectedStar6" parent="." instance=ExtResource( 1 )]
position = Vector2( 7.27596e-12, 110 )
StarIndex = 2

[node name="CollectedStar7" parent="." instance=ExtResource( 1 )]
position = Vector2( 4.33681e-19, 130 )
StarIndex = 1

[node name="CollectedStar8" parent="." instance=ExtResource( 1 )]
position = Vector2( 6.10352e-05, 150 )

[node name="Background" type="Node2D" parent="."]
z_index = -2

[node name="SimpleBackgroundColor" type="Button" parent="Background"]
margin_left = -10.0
margin_top = -10.0
margin_right = 10.0
margin_bottom = 190.0
hint_tooltip = "Collect stars to see them appear here!"
custom_styles/normal = SubResource( 1 )
